%BIBLIOGRAPHY

% OSU micro-benchmarks
@techreport{osu-microbenchmarks,
  author      = {K. S. Hemmert and D. S. Milroy and R. M. Senger and M. C. Miller},
  title       = {{OSU} Micro-Benchmarks 7.3},
  institution = {The Ohio State University},
  year        = {2022},
  url         = {http://mvapich.cse.ohio-state.edu/download/mvapich/osu-micro-benchmarks-7.3.tar.gz},
}
% openMPI
@InProceedings{openMPI,
  author       = {Edgar Gabriel and Graham E. Fagg and George Bosilca
                  and Thara Angskun and Jack J. Dongarra and Jeffrey
                  M. Squyres and Vishal Sahay and Prabhanjan Kambadur
                  and Brian Barrett and Andrew Lumsdaine and Ralph
                  H. Castain and David J. Daniel and Richard L. Graham
                  and Timothy S. Woodall },
  title        = {Open {MPI}: Goals, Concept, and Design of a Next
                  Generation {MPI} Implementation},
  booktitle    = {Proceedings, 11th European PVM/MPI Users' Group
                  Meeting},
  year         = 2004,
  address      = {Budapest, Hungary},
  pages        = {97--104},
  month        = {September}
} 
% ORFEO
@Misc{orfeo,
    author =   {areasciencepark},
    title =   {ORFEO-doc},
    howpublished = {\url{https://orfeo-doc.areasciencepark.it}},
}
% paper suggested by professor
@article{NURIYEV20221,
title = {Model-based selection of optimal MPI broadcast algorithms for multi-core clusters},
journal = {Journal of Parallel and Distributed Computing},
volume = {165},
pages = {1-16},
year = {2022},
issn = {0743-7315},
doi = {https://doi.org/10.1016/j.jpdc.2022.03.012},
url = {https://www.sciencedirect.com/science/article/pii/S0743731522000697},
author = {Emin Nuriyev and Juan-Antonio Rico-Gallego and Alexey Lastovetsky},
keywords = {Message passing, Collective communication algorithms, Communication performance modeling, MPI, Multi-core clusters}
}

% papers for Hockney models
@article{HockneyOfficial,
title = {The communication challenge for MPP: Intel Paragon and Meiko CS-2},
journal = {Parallel Computing},
volume = {20},
number = {3},
pages = {389-398},
year = {1994},
issn = {0167-8191},
doi = {https://doi.org/10.1016/S0167-8191(06)80021-9},
url = {https://www.sciencedirect.com/science/article/pii/S0167819106800219},
author = {Roger W. Hockney},
keywords = {Communication performance, COMMS1 benchmark, Massively-parallel processors, Latency, Intel iPSC/860, Intel Paragon, Meiko CS-2, Cray-C90}
}
@inproceedings{Hockney2,
author = {Pjesivac-Grbovic, Jelena and Bosilca, George and Fagg, Graham and Gabriel, Edgar and Dongarra, Jack},
year = {2005},
month = {01},
pages = {},
title = {Performance Analysis of MPI Collective Operations},
volume = {2005},
journal = {Clust. Comput.},
doi = {10.1109/IPDPS.2005.335}
}